
@article{burger_droplet_2003,
	title = {Droplet evaporation modeling by the distillation curve model: accounting for kerosene fuel and elevated pressures},
	volume = {46},
	journal = {International Journal of Heat and Mass Transfer},
	author = {Burger, M. and Schmehl, R. and Prommersberger, K. and Schäfer, K. and Koch, R. and Wittig, S.},
	year = {2003},
	pages = {4403--4412},
	file = {2003 Burger - Droplet evaporation modeling by the distillation curve model.pdf:C\:\\Users\\d601630\\Desktop\\Project related\\Literature\\Papers\\2000\\2003 Burger - Droplet evaporation modeling by the distillation curve model.pdf:application/pdf}
}

@article{faeth_evaporation_1983,
	title = {Evaporation and combustion of sprays},
	volume = {9},
	journal = {Progr. Energy Combst. Sci.},
	author = {Faeth, G.},
	year = {1983},
	pages = {1--76},
	file = {1983 Faeth - Evaporation and combustion of sprays.pdf:C\:\\Users\\d601630\\Desktop\\Project related\\Literature\\Papers\\1950-80\\1983 Faeth - Evaporation and combustion of sprays.pdf:application/pdf}
}

@article{nukiyama_experiments_1939,
	title = {Experiments on the atomization of liquids in an air stream},
	volume = {5},
	number = {18},
	journal = {Transactions of the Japan Society of Mechanical Engineers},
	author = {Nukiyama, S. and Tanasaza, Y.},
	year = {1939},
	pages = {62--67}
}

@article{rosin_laws_1933,
	title = {The laws governing the fineness of powdered coal},
	volume = {7},
	number = {31},
	journal = {Journal of the Institute of Fuel},
	author = {Rosin, P. and Rammler, E.},
	year = {1933},
	pages = {29--36}
}

@book{lefebvre_atomization_2017,
	edition = {Second},
	title = {Atomization and {Sprays}},
	author = {Lefebvre, Arthur H. and McDonell, Vincent G.},
	year = {2017},
	file = {Lefebvre - Atomization and Sprays.pdf:C\:\\Users\\d601630\\Desktop\\Project related\\Literature\\Books\\Lefebvre - Atomization and Sprays.pdf:application/pdf}
}

@book{lefebvre_gas_2010,
	edition = {Third},
	title = {Gas {Turbine} {Combustion}},
	author = {Lefebvre, Arthur H. and Ballal, Dilip R.},
	year = {2010},
	file = {Lefebvre - Gas Turbine Combustion.pdf:C\:\\Users\\d601630\\Desktop\\Project related\\Literature\\Books\\Lefebvre - Gas Turbine Combustion.pdf:application/pdf}
}

@article{rayleigh_instability_1878,
	title = {On the instability of jets},
	volume = {10},
	journal = {Proceedings of the London mathematical society},
	author = {Rayleigh, Lord},
	year = {1878},
	pages = {4--13},
	file = {1878 Rayleigh - On the instability of jets.pdf:C\:\\Users\\d601630\\Desktop\\Project related\\Literature\\Papers\\1800\\1878 Rayleigh - On the instability of jets.pdf:application/pdf}
}

@misc{herrmann_two-phase_2006,
	address = {Center for Turbulence Research. Stanford University},
	type = {Lecture at {Center} for {Turbulence} {Research}, {Stanford} {University}},
	title = {Two-{Phase} {Flow}},
	author = {Herrmann, Marcus},
	year = {2006},
	file = {Herrmann - Two-phase Flow - CTR Stanford.pdf:C\:\\Users\\d601630\\Desktop\\Project related\\Literature\\Presentations\\2006 Herrmann - Two-phase Flow - CTR Stanford.pdf:application/pdf}
}

@misc{roisman_secondary_2019,
	address = {Technische Universität Darmstadt},
	title = {Secondary {Atomization}. {Short} course on {Atomization} and {Sprays}, {Technische} {Universität} {Darmstadt}},
	author = {Roisman, Ilia},
	year = {2019}
}

@article{grover_spray_2001,
	title = {A {Spray} {Wall} {Impingement} {Model} {Based} upon {Conservation} {Principles}},
	journal = {The Proceedings of the International symposium on diagnostics and modeling of combustion in internal combustion engines},
	author = {Grover, Ronald O. and Assanis, Dennis},
	year = {2001},
	pages = {1--26}
}

@article{roth_droplet_2019,
	title = {Droplet {Collision} {Outcomes} at {High} {Weber} {Number}},
	journal = {Proceedins of the 21st ILASS - Europe Meeting 2017},
	author = {Roth, N. and Rabe, C. and Weigand, B. and Feuillebois, F. and Malet, J.},
	year = {2019},
	pages = {2019},
	file = {2007 Roth et al. - Droplet collision Outcomes at High Weber Number.pdf:C\:\\Users\\d601630\\Desktop\\Project related\\Literature\\Papers\\2000\\2007 Roth et al. - Droplet collision Outcomes at High Weber Number.pdf:application/pdf}
}

@misc{brenn_drop-drop_2019,
	address = {Technische Universität Darmstadt},
	title = {Drop-{Drop} {Interaction}. {Short} course on {Atomization} and {Sprays}, {Technische} {Universität} {Darmstadt}},
	author = {Brenn, Gunter},
	year = {2019}
}

@article{planchette_onset_2012,
	title = {The onset of fragmentation in binary liquid drop collisions},
	volume = {702},
	journal = {Journal of Fluid Mechanics},
	author = {Planchette, C. and Lorenceau, E. and Brenn, G.},
	year = {2012},
	pages = {5--25}
}

@misc{koch_spray_2019,
	address = {von Karman Institute for Fluid Dynamics},
	title = {Spray {Combustion}. {Lecture} {Series} on {Turbulent} {Combustion}, 2019-04. von {Karman} {Institute} for {Fluid} {Dynamics}.},
	author = {Koch, Rainer},
	year = {2019}
}

@article{spalding_combustion_1954,
	title = {The {Combustion} of {Liquid} {Fuels}},
	journal = {Proceedings of the Fourth Symposium on Combustion},
	author = {Spalding, D. B.},
	year = {1954},
	pages = {847--864},
	file = {Spalding - 1954 - The Combustion of Liquid Fuels.pdf:C\:\\Users\\d601630\\Zotero\\storage\\HNP5W7K7\\Spalding - 1954 - The Combustion of Liquid Fuels.pdf:application/pdf}
}

@book{cerfacs_avbp_2011,
	title = {The {AVBP} {Handbook}},
	author = {CERFACS},
	year = {2011},
	file = {avbp_handbook.pdf:C\:\\Users\\d601630\\Desktop\\Project related\\Computations\\AVBP resources\\avbp_handbook.pdf:application/pdf}
}

@phdthesis{garcia_developpement_2009,
	address = {Toulouse},
	type = {{PhD} {Thesis}},
	title = {Développement et validation du formalisme {Euler}-{Lagrange} dans un solveur parallèle et non-structuré pour la simulation aux grandes échelles},
	school = {INP Toulouse},
	author = {Garcia, Marta},
	year = {2009}
}

@article{desjardins_accurate_2008,
	title = {An accurate conservative level set/ghost fluid method for simulating turbulent atomization},
	volume = {227},
	journal = {Journal of Computational Physics},
	author = {Desjardins, Olivier and Moureau, Vincent and Pitsch, Heinz},
	year = {2008},
	pages = {8395--8416},
	file = {2008 Desjardins - Level set ghost fluid method.pdf:C\:\\Users\\d601630\\Desktop\\Project related\\Literature\\Papers\\2000\\2008 Desjardins - Level set ghost fluid method.pdf:application/pdf}
}

@article{olsson_conservative_2007,
	title = {A conservative level set method for two phase flow {II}},
	volume = {225},
	journal = {Journal of Computational Physics},
	author = {Olsson, Elin and Gunilla, Kreiss and Wahedi, Sara},
	year = {2007},
	pages = {785--807},
	file = {2007 Olsson - A conservative level set method for two phase flow II.pdf:C\:\\Users\\d601630\\Desktop\\Project related\\Literature\\Papers\\2000\\2007 Olsson - A conservative level set method for two phase flow II.pdf:application/pdf}
}

@book{lieuwen_unsteady_2012,
	edition = {First},
	title = {Unsteady {Combustor} {Physics}},
	author = {Lieuwen, Tim C.},
	year = {2012}
}

@article{mastorakos_ignition_2009,
	title = {Ignition of turbulent non-premixed flames},
	volume = {35},
	journal = {Progress in Energy and Combustion Science},
	author = {Mastorakos, Epanimondas},
	year = {2009}
}

@article{esclapez_ignition_2015,
	title = {Ignition probability of a partially premixed burner using {LES}},
	volume = {35},
	journal = {Proceedings of the Combustion Institute},
	author = {Esclapez, Lucas and Riber, Eleonore and Cuenot, Bénédicte},
	year = {2015},
	pages = {3133--3141},
	file = {2015 Esclapez - Ignition probability of a partially premixed burner using LES.pdf:C\:\\Users\\d601630\\Desktop\\Project related\\Literature\\Papers\\2015\\2015 Esclapez - Ignition probability of a partially premixed burner using LES.pdf:application/pdf}
}

@article{moureau_design_2011,
	title = {Design of a massively parallel {CFD} code for complex geometries},
	volume = {339},
	number = {2-3},
	journal = {Comptes Rendus Mécanique},
	author = {Moureau, Vincent and Domingo, P. and Vervisch, L.},
	year = {2011},
	pages = {141--148}
}

@article{hirt_volume_1981,
	title = {Volume of fluid ({VOF}) method for the dynamics of free boundaries},
	volume = {39},
	number = {1},
	journal = {Journal of Computational Physics},
	author = {Hirt, C. W. and Nichols, B. D.},
	year = {1981},
	pages = {201--225}
}

@phdthesis{odier_simulation_2006,
	address = {Grenoble},
	type = {{PhD} {Thesis}},
	title = {Simulation numerique de jets liquides cisailles par une phase rapide : dynamique de battement a grande echelle et interaction avec les structures tourbillonnaires},
	school = {Universit{\textbackslash}'e de Grenoble},
	author = {Odier, Nicolas},
	year = {2006}
}

@phdthesis{blanchard_modelisation_2014,
	address = {Toulouse},
	type = {{PhD} {Thesis}},
	title = {Modelisation et simulation multi-echelles de l'atomisation d'une nappe liquide cisqillee},
	school = {Institut Sup{\textbackslash}'erieur de l'A{\textbackslash}'eronautique et de L'Espace},
	author = {Blanchard, Ghislain},
	year = {2014}
}

@article{tryggvason_front-tracking_2001,
	title = {A front-tracking method for the computations of multiphase flow},
	volume = {169},
	journal = {Journal of Computational Physics},
	author = {Tryggvason, G. and Bunner, B. and Esmaeeli, A. and Juric, D. and Al-Rawahi, N. and Tauber, W. and Han, J. and Nas, S. and Jan, Y.-J.},
	year = {2001},
	pages = {708--759},
	file = {2001 Tryggvason - A front-tracking method for the computations of multiphase flow.pdf:C\:\\Users\\d601630\\Desktop\\Project related\\Literature\\Papers\\2000\\2001 Tryggvason - A front-tracking method for the computations of multiphase flow.pdf:application/pdf}
}

@phdthesis{lancien_etude_2018,
	address = {Paris},
	type = {{PhD} {Thesis}},
	title = {Etude numerique de l'allumage diphasique de foyers annulaires multi-bruleurs},
	school = {Université Paris-Saclay},
	author = {Lancien, Thea},
	year = {2018}
}

@phdthesis{jaegle_large_2009,
	address = {Toulouse},
	type = {{PhD} {Thesis}},
	title = {Large {Eddy} {Simulation} of evaporationg sprays in complex geometries using {Eulerian} and {Lagrangian} methods},
	school = {Institut National Polytechnique de Toulouse},
	author = {Jaegle, Felix},
	year = {2009},
	file = {Jaegle_1.pdf:C\:\\Users\\d601630\\Desktop\\Project related\\Literature\\PhD Thesis\\Jaegle 2009\\Jaegle_1.pdf:application/pdf;Jaegle_2.pdf:C\:\\Users\\d601630\\Desktop\\Project related\\Literature\\PhD Thesis\\Jaegle 2009\\Jaegle_2.pdf:application/pdf}
}

@article{martinez-ruiz_dynamics_2013,
	title = {Dynamics of thermal ignition of spray flames in mixing layers},
	volume = {734},
	journal = {Journal of Fluid Mechanics},
	author = {Martinez-Ruiz, D. and Urzay, J. and Sanchew, A. L. and Liñan, A. and Williams, F. A.},
	year = {2013},
	pages = {387--423},
	file = {2013 Martinez-Ruiz - Dynamics of thermal ignition of spray flames in mixing layers.pdf:C\:\\Users\\d601630\\Desktop\\Project related\\Literature\\Papers\\2010\\2013 Martinez-Ruiz - Dynamics of thermal ignition of spray flames in mixing layers.pdf:application/pdf}
}

@article{schiller_drag_1935,
	title = {A drag coefficient correlation},
	volume = {77},
	journal = {VDI Zeitung},
	author = {Schiller, L. and Naumann, A.},
	year = {1935},
	pages = {318--320}
}

@article{barre_flame_2014,
	title = {Flame propagation in aeronautical swirled multi-: {Experimental} and numerical investigation},
	volume = {161},
	journal = {Combustion and Flame},
	author = {Barré, D. and Esclapez, L. and Cordier, M. and Riber, E. and Cuenot, B. and Staffelbach, G. and Renou, B. and Vandel, A. and Gicquel, L. Y. and Cabot, G.},
	year = {2014},
	pages = {2387--2405},
	file = {2014 Barre - Flame propagation in aeronautical swirled multi-burners experimental and numerical investigation.pdf:C\:\\Users\\d601630\\Desktop\\Project related\\Literature\\Papers\\2010\\2014 Barre - Flame propagation in aeronautical swirled multi-burners experimental and numerical investigation.pdf:application/pdf}
}

@article{bourgouin_ignition_2013,
	title = {Ignition dynamics of an annular combustor equipped with multiple swirling injectors},
	volume = {160},
	journal = {Combustion and Flame},
	author = {Bourgouin, J.-F. and Durox, D. and Schuller, T. and Beaunier, J. and Candel, S.},
	year = {2013},
	pages = {1398--1413},
	file = {2013 Bourgouin - Ignition dynamics of an annular combustor.pdf:C\:\\Users\\d601630\\Desktop\\Project related\\Literature\\Papers\\2010\\2013 Bourgouin - Ignition dynamics of an annular combustor.pdf:application/pdf}
}

@article{machover_spark_2016,
	title = {Spark ignition of annular non-premixed combustors},
	volume = {73},
	journal = {Experimental Thermal and Fluid Science},
	author = {Machover, E. and Mastorakos, E.},
	year = {2016},
	pages = {64--70},
	file = {2016 Machover - Spark ignition of annular non-premixed combustors.pdf:C\:\\Users\\d601630\\Desktop\\Project related\\Literature\\Papers\\2015\\2016 Machover - Spark ignition of annular non-premixed combustors.pdf:application/pdf}
}

@article{machover_experimental_2017,
	title = {Experimental investigation on spark ignition of annular premixed combustors},
	volume = {178},
	journal = {Combustion and Flame},
	author = {Machover, E. and Mastorakos, E.},
	year = {2017},
	pages = {148--157},
	file = {2017 Machover - Experimental investigation on spark ignition of annular premixed combustors.pdf:C\:\\Users\\d601630\\Desktop\\Project related\\Literature\\Papers\\2015\\2017 Machover - Experimental investigation on spark ignition of annular premixed combustors.pdf:application/pdf}
}

@article{marrero-santiago_experimental_2017,
	title = {Experimental study of aeronautical ignition in a swirled confined jet-spray burner},
	volume = {140},
	journal = {Journal of Engineering for Gas Turbines and Power},
	author = {Marrero-Santiago, J. and Verdier, A. and Brunet, C. and Vandel, A. and Godard, G. and Cabot, G. and Boukhalfa, M. and Renou, B.},
	year = {2017},
	file = {2017 Marrero-Santiago - Experimental study of aeronautical ignition in a swirled confined jet-spray burner.pdf:C\:\\Users\\d601630\\Desktop\\Project related\\Literature\\Papers\\2015\\2017 Marrero-Santiago - Experimental study of aeronautical ignition in a swirled confined jet-spray burner.pdf:application/pdf}
}

@phdthesis{prieur_dynamique_2017,
	address = {Gif-sur-Yvette},
	title = {Dynamique de la combustion dans un foyer annulaire multi-injecteurs diphasique},
	school = {Université Paris-Saclay},
	author = {Prieur, Kevin},
	year = {2017}
}

@article{ahmed_spark_2007,
	title = {Spark ignition of turbulent nonpremixed bluff-body flames},
	volume = {151},
	journal = {Combustion and Flame},
	author = {Ahmed, S. F. and Balachandran, R. and Marchione, T. and Mastorakos, E.},
	year = {2007},
	pages = {366--385},
	file = {2007 Ahmed - Spark ignition of turbulent nonpremixed bluff-body flames.pdf:C\:\\Users\\d601630\\Desktop\\Project related\\Literature\\Papers\\2000\\2007 Ahmed - Spark ignition of turbulent nonpremixed bluff-body flames.pdf:application/pdf}
}

@article{ballal_ignition_1977,
	title = {Ignition and flame quenching in flowing gaseous mixtures},
	volume = {357},
	number = {1689},
	journal = {Proceedings of the Royal Society of London A. Mathematical, Physical and Engineering Sciences},
	author = {Ballal, D. R. and Lefebvre, A. H.},
	year = {1977},
	pages = {163}
}

@book{glassman_combustion_2008,
	edition = {Fourth},
	title = {Combustion},
	author = {Glassman, Irvin and Yetter, Richard A.},
	year = {2008}
}

@misc{tropea_techniques_2019,
	address = {Technische Universität Darmstadt},
	title = {Techniques of {Atomization}: {Overview} of {Atomizers} and {Their} {Applications}. {Short} {Course} on {Atomization} and {Sprays}, {Technische} {Universität} {Darmstadt}},
	author = {Tropea, Cameron},
	year = {2019}
}

@techreport{eu_clean_2018,
	type = {Environmental {Report}},
	title = {A {Clean} {Planet} for all. {A} {European} strategic long-term vision for a prosperous, modern, competitive and climate neutral economy},
	author = {EU},
	year = {2018}
}

@book{dunn-rankin_lean_2008,
	title = {Lean {Combustion}. {Technology} and {Control}},
	author = {Dunn-Rankin, Derek},
	year = {2008},
	file = {Dunn-Rankin - Lean combustion Technology and Control.pdf:C\:\\Users\\d601630\\Desktop\\Project related\\Literature\\Books\\Dunn-Rankin - Lean combustion Technology and Control.pdf:application/pdf}
}

@article{der_bank_lemcotec:_2012,
	title = {{LEMCOTEC}: improving the core-engine thermal efficiency},
	volume = {1A},
	journal = {ASME Turbo Expo 2014: Turbine Technical Conference and Exposition},
	author = {der Bank, R. V. and Donnerhack, S. and Rae, A. and Cazalens, M. and Lundblach, A. and Dietz, M.},
	year = {2012},
	pages = {18}
}

@article{sanjose_fuel_2011,
	title = {Fuel {Injection} {Model} for {Euler}-{Euler} and {Euler}-{Lagrange} {Large} {Eddy} {Simulations} of an evaporating spray inside an aeronautical combustor},
	volume = {37},
	number = {5},
	journal = {International Journal of Multiphase Flow},
	author = {Sanjose, Marlene and Senoner, J. M. and Jaegle, F. and Cuenot, B. and Moreau, S. and Poinsot, T.},
	year = {2011},
	pages = {514--529},
	file = {2011 Sanjose - Fuel Injection Model for EE and ELL LES of an evaporating spray inside an aeronautical combustor.pdf:C\:\\Users\\d601630\\Desktop\\Project related\\Literature\\Papers\\2010\\2011 Sanjose - Fuel Injection Model for EE and ELL LES of an evaporating spray inside an aeronautical combustor.pdf:application/pdf}
}

@phdthesis{chaussonnet_modeling_2014,
	address = {Toulouse, France},
	type = {{PhD} {Thesis}},
	title = {Modeling of liquid film and breakup phenomena in {Large}-{Eddy} {Simulations} of aeroengines fueled by airblast atomizers},
	school = {Institut National Polytechnique de Toulouse},
	author = {Chaussonnet, Geoffroy},
	year = {2014}
}

@phdthesis{renaud_high-speed_2015,
	address = {Chatenay-Malabry},
	type = {{PhD} {Thesis}},
	title = {High-speed diagnostics for the study of flame stabilization and transient behaviour in a swirled burner with variable liquid-fuel distribution},
	school = {CentraleSupelec, Universite Paris-Saclay},
	author = {Renaud, Antoine},
	year = {2015},
	file = {Renaud 2015 -  High-speed diagnostics for the sudy of flame stabilization and transient behaviour in a swirled burner with variabla liquid-fuel distribution.pdf:C\:\\Users\\d601630\\Desktop\\Project related\\Literature\\PhD Thesis\\Renaud 2015 -  High-speed diagnostics for the sudy of flame stabilization and transient behaviour in a swirled burner with variabla liquid-fuel distribution.pdf:application/pdf}
}

@article{wu_breakup_1997,
	title = {Breakup {Processes} of {Liquid} {Jets} in {Subsonic} {Crossflows}},
	volume = {13},
	number = {1},
	journal = {Journal of Propulsion and Power},
	author = {Wu, Pei-Kuan and Kirkendall, Kevin A. and Fuller, Raymond P.},
	year = {1997},
	pages = {64--73},
	file = {1997 Wu - Breakup processes of liquid jets in subsonic crossflows.pdf:C\:\\Users\\d601630\\Desktop\\Project related\\Literature\\Papers\\1990\\1997 Wu - Breakup processes of liquid jets in subsonic crossflows.pdf:application/pdf}
}

@article{becker_breakup_1999,
	title = {Breakup and atomization of a kerosene jet in crossflow of air at elevated pressure},
	journal = {ILASS-Europe},
	author = {Becker, J. and Hassa, C.},
	year = {1999},
	file = {1999 Becker - Breakup and atomization of a kerosene JICF of air at elevated pressure.PDF:C\:\\Users\\d601630\\Desktop\\Project related\\Literature\\Papers\\1990\\1999 Becker - Breakup and atomization of a kerosene JICF of air at elevated pressure.PDF:application/pdf}
}

@article{freitag_spray_2008,
	title = {Spray characteristics of a kerosene jet in crossflow of air at elevated pressure},
	journal = {ILASS-Europe},
	author = {Freitag, Stefan and Hassa, Christoph},
	year = {2008},
	file = {2008 Freitag -  Spray characteristics of a kerosene JICF of air at elevated pressure.pdf:C\:\\Users\\d601630\\Desktop\\Project related\\Literature\\Papers\\2000\\2008 Freitag -  Spray characteristics of a kerosene JICF of air at elevated pressure.pdf:application/pdf}
}

@article{adelberg_breakup_1968,
	title = {Breakup {Rate} and {Penetration} of a {Liquid} {Jet} in a {Gas} {Stream}},
	volume = {6},
	journal = {AIAA Journal},
	author = {Adelberg, A.},
	year = {1968},
	pages = {1134--1147}
}

@article{ragucci_breakup_2007,
	title = {Breakup and breakdown of bent kerosene jets in gas turbine conditions},
	volume = {31},
	journal = {Proceedings of the Combustion Institute},
	author = {Ragucci, Raffaele and Bellofiore, Alessandro and Cavaliere, Antonio},
	year = {2007},
	pages = {2231--2238},
	file = {2007 Ragucci - Breakup and breakdown of bent kerosene jets in gas turbine conditions.pdf:C\:\\Users\\d601630\\Desktop\\Project related\\Literature\\Papers\\2000\\2007 Ragucci - Breakup and breakdown of bent kerosene jets in gas turbine conditions.pdf:application/pdf}
}

@article{ragguci_identification_2002,
	title = {Identification of crossflow liquid-jet structures by means of statistical image evaluation},
	journal = {ILASS-Europe},
	author = {Ragguci, R. and Cavaliere, A.},
	year = {2002}
}

@article{leparoux_primary_2018,
	title = {Primary atomization simulation applied to a jet in crossflow aeronautical injector with dynamic mesh adaptation},
	journal = {ICLASS 2018. 14th Triennal International Conference on Liquid Atomization and Spray Systems},
	author = {Leparoux, Julien and Mercier, Renaud and Moureau, Vincent and Musaefendic, Haris},
	year = {2018},
	file = {2018 Leparoux - Primary atomization simulation applied to a jet in crossflow aeronautical injector with dynamic mesh adaptation.pdf:C\:\\Users\\d601630\\Desktop\\Project related\\Literature\\Papers\\2015\\2018 Leparoux - Primary atomization simulation applied to a jet in crossflow aeronautical injector with dynamic mesh adaptation.pdf:application/pdf}
}

@article{reitz_modeling_1987,
	title = {Modeling {Atomization} {Processes} in {High}-{Pressure} {Vaporizing} {Sprays}},
	volume = {3},
	journal = {Atomisation and Sprays Technology},
	author = {Reitz, Rolf D.},
	year = {1987},
	pages = {309--337},
	file = {1987 Reitz - Modeling atomization processes in high-pressure vaporizing sprays.pdf:C\:\\Users\\d601630\\Desktop\\Project related\\Literature\\Papers\\1950-80\\1987 Reitz - Modeling atomization processes in high-pressure vaporizing sprays.pdf:application/pdf}
}

@phdthesis{senoner_simulation_2010,
	address = {Toulouse},
	type = {{PhD} {Thesis}},
	title = {Simulation aux {Grandes} {Echelles} de l'ecoulement diphasique dans un bruleur aeronautique par une approche {Euler}-{Lagrange}},
	school = {Institut National Polytechnique de Toulouse},
	author = {Senoner, Jean-Mathieu},
	year = {2010},
	file = {2010 Senoner 01.pdf:C\:\\Users\\d601630\\Desktop\\Project related\\Literature\\PhD Thesis\\Senoner 2010\\2010 Senoner 01.pdf:application/pdf;2010 Senoner 02.pdf:C\:\\Users\\d601630\\Desktop\\Project related\\Literature\\PhD Thesis\\Senoner 2010\\2010 Senoner 02.pdf:application/pdf}
}

@article{apte_les_2003,
	title = {{LES} of atomizing spray wigh stochastic modeling of secondary breakup},
	volume = {29},
	journal = {International Journal of Multiphase Flow},
	author = {Apte, S. V. and Gorokhovski, M. and Moin, P.},
	year = {2003},
	pages = {1503--1522},
	file = {2003 Apte - LES of atomizing spray with stochastic modeling of secondary breakup.pdf:C\:\\Users\\d601630\\Desktop\\Project related\\Literature\\Papers\\2000\\2003 Apte - LES of atomizing spray with stochastic modeling of secondary breakup.pdf:application/pdf}
}

@article{ranger_aerodynamics_1968,
	title = {Aerodynamics shattering of liquid drops},
	volume = {7},
	number = {2},
	journal = {AIAA Journal},
	author = {Ranger, A. A. and Nicholls, J. A.},
	year = {1968},
	pages = {285--290},
	file = {1968 Ranger - Aerodynamic Shattering of liquid drops.pdf:C\:\\Users\\d601630\\Desktop\\Project related\\Literature\\Papers\\1950-80\\1968 Ranger - Aerodynamic Shattering of liquid drops.pdf:application/pdf}
}

@article{chou_temporal_1997,
	title = {Temporal properties of drop breakup in the shear breakup regime},
	volume = {23},
	number = {4},
	journal = {International Journal of Multiphase Flow},
	author = {Chou, W.-H. and Hsiang, L.-P. and Faeth, G. M.},
	year = {1997},
	pages = {651--669},
	file = {1997 Chou - Temporal properties of drop breakup in the shear breakup regime.pdf:C\:\\Users\\d601630\\Desktop\\Project related\\Literature\\Papers\\1990\\1997 Chou - Temporal properties of drop breakup in the shear breakup regime.pdf:application/pdf}
}

@article{fuller_effects_2000,
	title = {Effects of injection angle on atomization of liquid jets in transverse airflow},
	volume = {38},
	number = {1},
	journal = {AIAA Journal},
	author = {Fuller, R. P. and Wu, P.-K. and Kirkendall, K. A.},
	year = {2000},
	pages = {64--72},
	file = {2000 Fuller - Effects of injection angle on atomization of liquid jets in transverse airflow.pdf:C\:\\Users\\d601630\\Desktop\\Project related\\Literature\\Papers\\2000\\2000 Fuller - Effects of injection angle on atomization of liquid jets in transverse airflow.pdf:application/pdf}
}

@article{hsiang_near-limit_1992,
	title = {Near-limit drop deformation and secondary breakup},
	volume = {18},
	number = {5},
	journal = {International Journal of Multiphase Flow},
	author = {Hsiang, L.-P. and Faeth, G. M.},
	year = {1992},
	pages = {635--652},
	file = {1992 Hsiang - Ner-limit drop deformation and secondary breakup.pdf:C\:\\Users\\d601630\\Desktop\\Project related\\Literature\\Papers\\1990\\1992 Hsiang - Ner-limit drop deformation and secondary breakup.pdf:application/pdf}
}

@article{aggarwal_review_1998,
	title = {A review of spray ignition phenomena: present status and future research},
	volume = {24},
	journal = {Progress in Energy and Combustion Science},
	author = {Aggarwal, S. K.},
	year = {1998},
	pages = {565--600},
	file = {1998 Aggarwal - A review of spray ignition phenomena. Present status and future research.pdf:C\:\\Users\\d601630\\Desktop\\Project related\\Literature\\Papers\\1990\\1998 Aggarwal - A review of spray ignition phenomena. Present status and future research.pdf:application/pdf}
}

@misc{sher_drop_2019,
	address = {Technische Universität Darmstadt},
	title = {Drop combustion. {Single} moving drop and {Clusters} effects. {Short} {Course} on {Atomization} and {Sprays}, {Technische} {Universität} {Darmstadt}},
	author = {Sher, Eran},
	year = {2019}
}

@article{godsave_studies_1954,
	title = {Studies of the combustion of drops in a fuel spray: {The} burning of single drops of fuel},
	journal = {Proceedings of the Fourth Symposium on Combustion},
	author = {Godsave, G.},
	year = {1954},
	pages = {818--830}
}

@article{chiu_internal_1982,
	title = {Internal group combustion of liquid droplets},
	journal = {Proceedings of the Nineteenth Symposium on Combustion},
	author = {Chiu, H. and Kim, H. and Croke, E.},
	year = {1982},
	pages = {971--980}
}

@techreport{annulight_annular_2017,
	title = {Annular {Instabilities} and {Transient} {Phenomena} in {Gas} {Turbine} {Combustors}. {Call} for the {Innovative} {Training} {Networks} ({ITN}) {H}2020. {MSCA} {Actions}.},
	author = {ANNULIGhT},
	year = {2017}
}

@article{sallam_breakup_2004,
	title = {Breakup of round nonturbulent liquid jets in gaseous crossflow.},
	volume = {42},
	number = {12},
	journal = {AIAA Journal},
	author = {Sallam, K. and Aalburg, C. and Faeth, G.},
	year = {2004},
	pages = {2529--2540}
}

@article{gorokhovski_stochastic_2001,
	title = {The stochastic lagrangian model of drops breakup in the computation of liquid sprays},
	volume = {11},
	journal = {Atomization and Sprays},
	author = {Gorokhovski, M. A.},
	year = {2001},
	pages = {505--520},
	file = {2001 Gorokhovski -  The stochastic lagrangian model of drops breakup in the computation of liquid sprays.pdf:C\:\\Users\\d601630\\Desktop\\Project related\\Literature\\Papers\\2000\\2001 Gorokhovski -  The stochastic lagrangian model of drops breakup in the computation of liquid sprays.pdf:application/pdf}
}

@article{gorokhovski_analyses_2003,
	title = {Analyses of {Kolmogorov}'s model of breakup and its application into {Lagrangian} computation of liquid sprays under air-blast atomization},
	volume = {15},
	journal = {Physics of Fluids},
	author = {Gorokhovski, M. A. and Saveliev, V. L.},
	year = {2003},
	pages = {184--192},
	file = {2003 Gorokhovski - Analyses of Kolmogorov model of breakup and its application into Lagrangian computation of liquid sprays under air-blast atomization.pdf:C\:\\Users\\d601630\\Desktop\\Project related\\Literature\\Papers\\2000\\2003 Gorokhovski - Analyses of Kolmogorov model of breakup and its application into Lagrangian computation of liquid sprays under air-blast atomization.pdf:application/pdf}
}

@article{collin-bastiani_dns_2019,
	title = {{DNS} of spark ignition using {Analytically} {Reduced} {Chemistry} including plasma kinetics},
	volume = {37},
	journal = {Proceedings of the Combustion Institute},
	author = {Collin-Bastiani, F. and Vermorel, O. and Lacour, C. and Lecordier, B. and Cuenot, B.},
	year = {2019},
	pages = {5057--5064}
}

@article{babinsky_modeling_2002,
	title = {Modeling drop size distributions},
	volume = {28},
	journal = {Progress in Energy and Combustion Science},
	author = {Babinsky, E. and Sojka, P. E.},
	year = {2002},
	pages = {303--329},
	file = {2002 Babinsky - Modeling drop size distributions.pdf:C\:\\Users\\d601630\\Desktop\\Project related\\Literature\\Papers\\2000\\2002 Babinsky - Modeling drop size distributions.pdf:application/pdf}
}

@article{olsson_conservative_2005,
	title = {A conservative level set method for two phase flow {I}},
	volume = {210},
	journal = {Journal of Computational Physics},
	author = {Olsson, Elin and Gunilla, Kreiss and Wahedi, Sara},
	year = {2005},
	pages = {224--246},
	file = {2005 Olsson - A conservative level set method for two phase flow.pdf:C\:\\Users\\d601630\\Desktop\\Project related\\Literature\\Papers\\2000\\2005 Olsson - A conservative level set method for two phase flow.pdf:application/pdf}
}

@article{janodet_unstructured_2019,
	title = {An unstructured conservation level-set algorithm coupled with dynamic mesh adaptation for the computation of liquid-gas flows},
	journal = {ILASS-2019},
	author = {Janodet, R. and Vaudor, G. and Lartigue, G. and Benard, P. and Moureau, V. and Mercier, R.},
	year = {2019},
	file = {2019 Janodet - An unstructured conservation level-set algorithm coupled with dynamic mesh adaptation for the computation of liquid-gas flows.pdf:C\:\\Users\\d601630\\Desktop\\Project related\\Literature\\Papers\\2015\\2019 Janodet - An unstructured conservation level-set algorithm coupled with dynamic mesh adaptation for the computation of liquid-gas flows.pdf:application/pdf}
}

@book{poinsot_theoretical_2010,
	edition = {Third},
	title = {Theoretical and {Numerical} {Combustion}},
	author = {Poinsot, T. and Veynante, D.},
	year = {2010}
}

@article{zuzio_improved_2018,
	title = {An improved multiscale {Eulerian}-{Lagrangian} method for simulation of atomization process},
	volume = {176},
	journal = {Computers and Fluids},
	author = {Zuzio, D. and Estivalèzes, J.-L. and di Piero, B.},
	year = {2018},
	pages = {285--301},
	file = {2016 Zuzio - An improved multiscale Eulerian-Lagrangian method for simulation of atomization process.pdf:C\:\\Users\\d601630\\Desktop\\Project related\\Literature\\Papers\\2015\\2016 Zuzio - An improved multiscale Eulerian-Lagrangian method for simulation of atomization process.pdf:application/pdf}
}

@article{kolmogorov_log-normal_1941,
	title = {On the log-normal distribution of particles sizes during breakup process},
	volume = {31},
	journal = {Dolk. Akad. Nauk SSSR},
	author = {Kolmogorov, A.},
	year = {1941},
	file = {1941 Kolmogorov - On the log-normal distribution of particles sizes during breakup process.pdf:C\:\\Users\\d601630\\Desktop\\Project related\\Literature\\Papers\\1900-40\\1941 Kolmogorov - On the log-normal distribution of particles sizes during breakup process.pdf:application/pdf}
}

@article{mirjalili_interface-capturing_2017,
	title = {Interface-capturing methods for two-phase flows: {An} overview and recent developments},
	journal = {Center for Turbulence Research. Annual Research Briefs 2017.},
	author = {Mirjalili, S. and Jain, S. S. and Dodd, M. S.},
	year = {2017},
	file = {2017 Mirjalili - Interface-capturing methods for two-phase  ows An overview and recent developments.pdf:C\:\\Users\\d601630\\Desktop\\Project related\\Literature\\Papers\\2015\\2017 Mirjalili - Interface-capturing methods for two-phase  ows An overview and recent developments.pdf:application/pdf}
}

@phdthesis{providakis_etude_2013,
	title = {Etude de la dynamique de flamme swirlé dans un injecteur diphasique multipoints étagé},
	school = {Ecole Centrale Paris},
	author = {Providakis, T.},
	year = {2013},
	file = {Providakis 2013.pdf:C\:\\Users\\d601630\\Desktop\\Project related\\Literature\\PhD Thesis\\Providakis 2013.pdf:application/pdf}
}

@phdthesis{cheneau_etude_2019,
	title = {Étude numérique de la dynamique de combustion dans un brûleur diphasique turbulent à deux étages},
	school = {CentraleSupelec, Universite Paris-Saclay},
	author = {Cheneau, B.},
	year = {2019},
	file = {Cheneau 2019.pdf:C\:\\Users\\d601630\\Desktop\\Project related\\Literature\\PhD Thesis\\Cheneau 2019.pdf:application/pdf}
}

@article{tropea_optical_2011,
	title = {Optical {Particle} {Characterization} in {Flows}},
	volume = {43},
	journal = {Annual Review of Fluid Mechanics},
	author = {Tropea, C.},
	year = {2011},
	pages = {399--426},
	file = {2011 Tropea - Optical Particle Characterization in Flows.pdf:C\:\\Users\\d601630\\Desktop\\Project related\\Literature\\Papers\\2010\\2011 Tropea - Optical Particle Characterization in Flows.pdf:application/pdf}
}

@article{bagheri_drag_2016,
	title = {On the drag of freely falling non-spherical particles},
	volume = {301},
	journal = {Powder Technology},
	author = {Bagheri, G. and Bonnadonna, C.},
	year = {2016},
	file = {2016 Bagheri - On the drag of freely falling non-spherical particles.pdf:C\:\\Users\\d601630\\Desktop\\Project related\\Literature\\Papers\\2015\\2016 Bagheri - On the drag of freely falling non-spherical particles.pdf:application/pdf}
}

@article{sturges_choice_2012,
	title = {The {Choice} of a {Class} {Interval}},
	volume = {21},
	number = {153},
	journal = {Journal of the Americal Statistical Association},
	author = {Sturges, H. A.},
	year = {2012},
	pages = {65--66}
}

@article{collado_reynolds_2007,
	title = {Reynolds transport theorem for a two-phase flow},
	volume = {90},
	journal = {Applied Physics Letters},
	author = {Collado, F. J.},
	year = {2007}
}

@book{drew_theory_1999,
	title = {Theory of {Multicomponent} {Fluids}},
	author = {Drew, D. and Passman, S. L.},
	year = {1999}
}

@article{fontes_improved_2019,
	title = {Improved hybrid model applied to liquid jet in crossflow},
	volume = {114},
	journal = {International Journal of Multiphase Flow},
	author = {Fontes, D. H. and Vilela, V. and Souza Meira, L. and Souza, F. J.},
	year = {2019},
	pages = {98--114},
	file = {2019 Fontes - Improved hybrid model applied to liquid jet in crossflow.pdf:C\:\\Users\\d601630\\Desktop\\Project related\\Literature\\Papers\\2015\\2019 Fontes - Improved hybrid model applied to liquid jet in crossflow.pdf:application/pdf}
}

@article{arienti_aerodynamic_2006,
	title = {{AERODYNAMIC} {BLOCKAGE} {EFFECT} {ON} {THE} {SPRAY} {CHARACTERISTICS} {OF} {A} {LIQUID} {JET}  {ATOMIZED} {BY} {CROSSFLOWING} {AIR}},
	journal = {ASME Turbo Expo 2006},
	author = {Arienti, M. and Madabhushi, R. K. and van Slooten, P. R. and Soteriou, M. C.},
	year = {2006},
	file = {2006 Arienti - AERODYNAMIC BLOCKAGE EFFECT ON THE SPRAY CHARACTERISTICS OF A LIQUID JET  ATOMIZED BY CROSSFLOWING AIR.pdf:C\:\\Users\\d601630\\Desktop\\Project related\\Literature\\Papers\\2000\\2006 Arienti - AERODYNAMIC BLOCKAGE EFFECT ON THE SPRAY CHARACTERISTICS OF A LIQUID JET  ATOMIZED BY CROSSFLOWING AIR.pdf:application/pdf}
}

@article{tanner_liquid_1997,
	title = {Liquid {Jet} {Atomization} and {Droplet} {Breakup} {Modeling} of {Non}-{Evaporating} {Diesel} {Fuel} {Sprays}},
	journal = {SAE Technical Paper 970050},
	author = {Tanner, F. X.},
	year = {1997}
}

@article{orourke_tab_1987,
	title = {The {Tab} {Method} for {Numerical} {Calculation} of {Spray} {Droplet} {Breakup}},
	doi = {https://doi.org/10.4271/872089},
	journal = {SAE Technical Paper 872089},
	author = {O'Rourke, P. J. and Amsden, A. A.},
	year = {1987}
}

@article{murrone_numerical_2011,
	title = {Numerical {Modeling} of {Dispersed} {Two}-{Phase} {Flows}},
	journal = {AerospaceLab},
	author = {Murrone, A. and Villedieu, P.},
	year = {2011},
	pages = {1--13}
}

@article{herrmann_modeling_2003,
	title = {Modeling primary breakup: {A} three-dimensional {Eulerian} level set/vortex sheet method for two-phase interface systems},
	journal = {Annual Research Briefs. Center for Turbulent Research},
	author = {Herrmann, M.},
	year = {2003},
	pages = {185--196}
}

@article{scardovelli_direct_1999,
	title = {Direct numerical simulation of free-surface and interfacial flow},
	volume = {31},
	journal = {Annual Review of Fluid Mechanics},
	author = {Scardovelli, R. and Zaleski, S.},
	year = {1999},
	pages = {567--603}
}

@article{fuster_simulation_2009,
	title = {Simulation of primary atomization with an octree adaptive mesh refinement and {VOF} method},
	volume = {35},
	journal = {International Journal of Multiphase Flow},
	author = {Fuster, D. and Bagué, A. and Boeck, T. and Le Moyne, L. and Leboissetier, A. and Popinet, S. and Ray, P. and Scardovelli, R. and Zaleski, S.},
	year = {2009},
	pages = {550--565}
}

@article{jofre_3-d_2014,
	title = {A 3-{D} {Volume}-of-{Fluid} advection method based on cell-vertex velocities for unstructured meshes},
	volume = {94},
	journal = {Computers and Fluids},
	author = {Jofre, L. and Lehmkuhl, O. and Castro, J. and Oliva, A.},
	year = {2014},
	pages = {14--29}
}

@article{ivey_conservative_2017,
	title = {Conservative and bounded volume-of-fluid advection on unstructured grids},
	volume = {350},
	journal = {Journal of Computational Physics},
	author = {Ivey, C. B. and Moin, P.},
	year = {2017},
	pages = {387--419}
}

@article{pirozzoli_algebraic_2019,
	title = {On algebraic {TVD}-{VOF} methods for tracking material interfaces},
	volume = {189},
	journal = {Computers and Fluids},
	author = {Pirozzoli, S. and Di Giorgio, S. and Iafrati, A.},
	year = {2019},
	pages = {73--81}
}

@article{mirjalili_comparison_2019,
	title = {Comparison between the diffuse interface and volume of fluid methods for simulating two-phase flows},
	volume = {116},
	journal = {International Journal of Multiphase Flow},
	author = {Mirjalili, S. and Ivey, C. B. and Mani, A.},
	year = {2019},
	pages = {221--238}
}

@article{chiodi_reformulation_2017,
	title = {A reformulation of the conservative level set reinitialization equation for accurate and robust simulation of complex multiphase flows},
	volume = {343},
	journal = {Journal of Computational Physics},
	author = {Chiodi, R. and Desjardins, O.},
	year = {2017},
	pages = {186--200}
}

@article{mirjalili_conservative_2020,
	title = {A conservative diffuse interface method for two-phase flows with provable boundedness properties},
	volume = {401},
	journal = {Journal of Computational Physics},
	author = {Mirjalili, S. and Ivey, C. B. and Mani, A.},
	year = {2020}
}

@article{jofre_transcritical_2021,
	title = {Transcritical diffuse-interface hydrodynamics of propellants in high-pressure combustors of chemical propulsion systems},
	volume = {82},
	journal = {Progress in Energy and Combustion Science},
	author = {Jofre, L. and Urzay, J.},
	year = {2021}
}

@article{dahms_transition_2013,
	title = {On the transition between two-phase and single-phase interface dynamics in multicomponent fluids at supercritical pressures},
	volume = {25},
	number = {9},
	journal = {Physics of Fluids},
	author = {Dahms, R. N. and Oefelein, J. C.},
	year = {2013}
}

@article{teigen_diffuse-interface_2011,
	title = {A diffuse-interface method for two-phase flows with soluble surfactants},
	volume = {230},
	journal = {Journal of Computational Physics},
	author = {Teigen, K. E. and Song, P. and Lowengrub, J. and Voigt, A.},
	year = {2011},
	pages = {373--393}
}

@article{shukla_interface_2010,
	title = {An interface capturing method for the simulation of multi-phase compressible flows},
	volume = {229},
	journal = {Journal of Computational Physics},
	author = {Shukla, R. K. and Pantano, C. and Freund, J. B.},
	year = {2010},
	pages = {7411--7439}
}

@article{cahn_free_1958,
	title = {Free energy of a nonuniform system. {I}. {Interfacial} free energy},
	volume = {28},
	number = {2},
	journal = {Journal of Chemical Physics},
	author = {Cahn, J. W. and Hilliard, J. E.},
	year = {1958},
	pages = {258--267}
}

@article{chiu_conservative_2011,
	title = {A conservative phase field method for solving incompressible two-phase flows},
	volume = {230},
	journal = {Journal of Computational Physics},
	author = {Chiu, P. H. and Lin, Y. T.},
	year = {2011},
	pages = {185}
}

@article{mckee_mac_2008,
	title = {The {MAC} method},
	volume = {37},
	journal = {Computers and Fluids},
	author = {McKee, S. and Tomé, M. F. and Ferreira, V. G. and Cuminato, J. A. and Castelo, A. and Sousa, F. S. and Mangiavacchi, N.},
	year = {2008},
	pages = {907--930}
}

@book{osher_level_2003,
	address = {New York},
	edition = {1},
	title = {Level {Set} {Methods} and {Dynamic} {Implicit} {Surfaces}},
	publisher = {Springer},
	author = {Osher, S. and Fedkiw, R.},
	year = {2003}
}

@article{sussman_level_1994,
	title = {A {Level} {Set} {Approach} for {Computing} {Solutions} to {Incompressible} {Two}-{Phase} {Flow}},
	volume = {114},
	number = {1},
	journal = {Journal of Computational Physics},
	author = {Sussman, M. and Smereka, P. and Osher, S.},
	year = {1994},
	pages = {146--159}
}

@article{fedkiw_non-oscillatory_1999,
	title = {A {Non}-oscillatory {Eulerian} {Approach} to {Interfaces} in {Multimaterial} {Flows} (the {Ghost} {Fluid} {Method})},
	volume = {152},
	number = {2},
	journal = {Journal of Computational Physics},
	author = {Fedkiw, R. P. and Aslam, T. and Merriman, B. and Osher, S.},
	year = {1999},
	pages = {457--492}
}

@article{vie_particle-laden_2016,
	title = {Particle-laden flows forced by the disperse phase: {Comparison} between {Lagrangian} and {Eulerian} simulations},
	volume = {79},
	journal = {International Journal of Multiphase Flow},
	author = {Vié, A. and Pouransari, H. and Zamansky, R. and Mani, A.},
	year = {2016},
	pages = {144--158}
}

@article{anderson_distribution_1962,
	title = {On the distribution of the two-sample {Cramér}-{Von} {Mises} criterion},
	volume = {33},
	number = {3},
	journal = {Annals of Mathematical Statistics},
	author = {Anderson, T. W.},
	year = {1962},
	pages = {1148--1159}
}

@article{hanna_flacs_2004,
	title = {{FLACS} {CFD} air quality model performance evaluation with {Kit} {Fox}, {MUST}, {Prairie} {Grass}, and {EMU} observations},
	volume = {38},
	journal = {Atmospheric Environment},
	author = {Hanna, S. R. and Hansen, O. R. and Dharmavaram, S.},
	year = {2004},
	pages = {4675--4687}
}